@inproceedings{quigley2009ros,
  title={ROS: an open-source Robot Operating System},
  author={Quigley, Morgan and Conley, Ken and Gerkey, Brian and Faust, Josh and Foote, Tully and Leibs, Jeremy and Wheeler, Rob and Ng, Andrew Y and others},
  booktitle={ICRA workshop on open source software},
  volume={3},
  number={3.2},
  pages={5},
  year={2009},
  organization={Kobe, Japan}
}

@online{ros_tutorial,
  title = {Ros Tutorials},
  url = {http://wiki.ros.org/ROS/Tutorials}
}

@online{catkin_ws,
  title = {Catkin Workspace},
  url = {http://wiki.ros.org/ROS/Tutorials/InstallingandConfiguringROSEnvironment}
}

@online{yt_tutorial,
  title = {YouTube Tutorial},
  url = {https://www.youtube.com/playlist?list=PLLSegLrePWgIbIrA4iehUQ-impvIXdd9Q}
}

@online{srv_topic_example,
  title = {Esempio topic e service},
  url = {https://github.com/andreastocco01/ros/tree/main}
}

@online{service,
  title = {Creating ROS msg and srv},
  url = {http://wiki.ros.org/ROS/Tutorials/CreatingMsgAndSrv}
}

@online{ur5,
  title = {Download material for UR5},
  url = {https://www.universal-robots.com/cb3/}
}

@online{ft_sensor,
  title = {Download FT300-S manual},
  url = {https://robotiq.com/support/ft-300-force-torque-sensor}
}

@online{ft_driver,
  title = {FT300-S driver},
  url = {https://github.com/andreastocco01/ft300_driver}
}

@online{robotiq_repo,
  title = {Robotiq maintained repo},
  url = {https://github.com/TAMS-Group/robotiq}
}

@online{moveit_tutorial,
  title = {MoveIt Tutorial},
  url = {https://ros-planning.github.io/moveit_tutorials/}
}

@online{environment_setup,
  title = {Setup sperimentale},
  url = {https://github.com/andreastocco01/environment_setup}
}

@online{controller_manager,
  title = {Controller Manager},
  url = {http://wiki.ros.org/controller_manager}
}

@online{applications,
  title = {Esperimenti ed applicazioni},
  url = {https://github.com/andreastocco01/ur5_ft_tasks}
}